@book{adams1995hitchhiker,
  title={The Hitchhiker's Guide to the Galaxy},
  author={Adams, D.},
  isbn={9781417642595},
  url={http://books.google.com/books?id=W-xMPgAACAAJ},
  year={1995},
  publisher={San Val}
}

@article{BK2020,
  author    = {Andrei Z. Broder and
               Ravi Kumar},
  title     = {A Note on Double Pooling Tests},
  journal   = {CoRR},
  volume    = {abs/2004.01684},
  year      = {2020},
  url       = {https://arxiv.org/abs/2004.01684},
  archivePrefix = {arXiv},
  eprint    = {2004.01684},
  timestamp = {Wed, 08 Apr 2020 17:08:25 +0200},
  biburl    = {https://dblp.org/rec/journals/corr/abs-2004-01684.bib},
  bibsource = {dblp computer science bibliography, https://dblp.org}
}

@article{D1943,
author = "Dorfman, Robert",
doi = "10.1214/aoms/1177731363",
fjournal = "Annals of Mathematical Statistics",
journal = "Ann. Math. Statist.",
month = "12",
number = "4",
pages = "436--440",
publisher = "The Institute of Mathematical Statistics",
title = "The Detection of Defective Members of Large Populations",
url = "https://doi.org/10.1214/aoms/1177731363",
volume = "14",
year = "1943"
}

@article{C2011,
  author    = {Chun Lam Chan and
               Pak Hou Che and
               Sidharth Jaggi and
               Venkatesh Saligrama},
  title     = {Non-adaptive probabilistic group testing with noisy measurements:
               Near-optimal bounds with efficient algorithms},
  journal   = {CoRR},
  volume    = {abs/1107.4540},
  year      = {2011},
  url       = {http://arxiv.org/abs/1107.4540},
  archivePrefix = {arXiv},
  eprint    = {1107.4540},
  timestamp = {Mon, 13 Aug 2018 16:48:18 +0200},
  biburl    = {https://dblp.org/rec/journals/corr/abs-1107-4540.bib},
  bibsource = {dblp computer science bibliography, https://dblp.org}
}

@article{germany,
    author =       "Sandra Ciesek and Erhard Seifried",
    title =        "Pool testing of SARS-CoV-2 samples increases test capacity.",
    url = "https://www.medica.de/de/News/Archiv/Pool-Testen_von_SARS-CoV-2_Proben_erh%C3%B6ht_Testkapazit%C3%A4t"
}



@book{DU2000,
  title={Combinatorial Group Testing and Its Applications},
  author={Du, D. and Hwang, F.},
  isbn={9789810241070},
  lccn={99048251},
  series={Applied Mathematics},
  url={https://books.google.ca/books?id=KW5-CyUUOggC},
  year={2000},
  publisher={World Scientific}
}

@misc{Michiel,
  author = "Smid, Michiel",
  title = "Group Testing",
  date = "2020",
  howpublished = "unpublished"
  }
  
  
  @INPROCEEDINGS{chan,
  author={C. L. {Chan} and P. H. {Che} and S. {Jaggi} and V. {Saligrama}},
  booktitle={2011 49th Annual Allerton Conference on Communication, Control, and Computing (Allerton)}, 
  title={Non-adaptive probabilistic group testing with noisy measurements: Near-optimal bounds with efficient algorithms}, 
  year={2011},
  volume={},
  number={},
  pages={1832-1839},}
  
 @phdthesis{choices,
author = {Mitzenmacher, Michael David},
title = {The Power of Two Choices in Randomized Load Balancing},
year = {1996},
isbn = {0591320916},
publisher = {University of California, Berkeley},
note = {AAI9723118}
}

@article{lambert,
author = {Corless, Robert and Gonnet, Gaston and Hare, D. and Jeffrey, David and Knuth, D.},
year = {1996},
month = {01},
pages = {329-359},
title = {On the {L}ambert W Function},
volume = {5},
journal = {Advances in Computational Mathematics},
doi = {10.1007/BF02124750}
}

  @misc{ wiki,
    author = "{Wikipedia contributors}",
    title = "Group testing --- {Wikipedia}{,} The Free Encyclopedia",
    year = "2020",
    url = "https://en.wikipedia.org/w/index.php?title=Group_testing&oldid=968824618",
    note = "[Online; accessed 14-August-2020]"
  }
  
  @book{combinatorial,
  title={Combinatorial Group Testing and Its Applications},
  author={Du, D. and Hwang, F.},
  isbn={9789810241070},
  lccn={99048251},
  series={Applied Mathematics},
  url={https://books.google.ca/books?id=KW5-CyUUOggC},
  year={2000},
  publisher={World Scientific}
}


@ARTICLE{adaptive,
  author={G. K. {Atia} and V. {Saligrama}},
  journal={IEEE Transactions on Information Theory}, 
  title={Boolean Compressed Sensing and Noisy Group Testing}, 
  year={2012},
  volume={58},
  number={3},
  pages={1880-1901},}